<?xml version="1.0" encoding="UTF-8"?>
<integ:root xmlns:integ="http://integrator" self="true">
    <record id="BIB_ID-587">
        <marc id="BIB_ID-587">
            <marc:record xmlns:marc="http://www.loc.gov/MARC21/slim">
                <marc:leader>01233cas a2200373I 4500</marc:leader>
                <marc:controlfield tag="001">587</marc:controlfield>
                <marc:controlfield tag="005">20130405104912.0</marc:controlfield>
                <marc:controlfield tag="008">860123c19069999ii wr p f0 a0eng d</marc:controlfield>
                <marc:datafield tag="035" ind1=" " ind2=" ">
                    <marc:subfield code="a">(OCoLC)ocm02163794</marc:subfield>
                </marc:datafield>
                <marc:datafield tag="040" ind1=" " ind2=" ">
                    <marc:subfield code="a">YUS</marc:subfield>
                    <marc:subfield code="c">YUS</marc:subfield>
                    <marc:subfield code="d">COO</marc:subfield>
                    <marc:subfield code="d">MUL</marc:subfield>
                    <marc:subfield code="d">OCL</marc:subfield>
                    <marc:subfield code="d">OCLCQ</marc:subfield>
                    <marc:subfield code="d">GBVCP</marc:subfield>
                </marc:datafield>
                <marc:datafield tag="015" ind1=" " ind2=" ">
                    <marc:subfield code="a">012431125</marc:subfield>
                    <marc:subfield code="2">dnb</marc:subfield>
                </marc:datafield>
                <marc:datafield tag="016" ind1="7" ind2=" ">
                    <marc:subfield code="a">429417-8</marc:subfield>
                    <marc:subfield code="2">DE-600</marc:subfield>
                </marc:datafield>
                <marc:datafield tag="016" ind1="7" ind2=" ">
                    <marc:subfield code="a">012431125</marc:subfield>
                    <marc:subfield code="2">de-101</marc:subfield>
                </marc:datafield>
                <marc:datafield tag="016" ind1="7" ind2=" ">
                    <marc:subfield code="a">4294178</marc:subfield>
                    <marc:subfield code="2">de-600</marc:subfield>
                </marc:datafield>
                <marc:datafield tag="022" ind1=" " ind2=" ">
                    <marc:subfield code="a">0019-6444</marc:subfield>
                    <marc:subfield code="l">0019-6444</marc:subfield>
                </marc:datafield>
                <marc:datafield tag="035" ind1=" " ind2=" ">
                    <marc:subfield code="a">(OCoLC)2163794</marc:subfield>
                </marc:datafield>
                <marc:datafield tag="043" ind1=" " ind2=" ">
                    <marc:subfield code="a">a-ii---</marc:subfield>
                </marc:datafield>
                <marc:datafield tag="050" ind1=" " ind2="4">
                    <marc:subfield code="a">HF41</marc:subfield>
                    <marc:subfield code="b">.I396</marc:subfield>
                </marc:datafield>
                <marc:datafield tag="082" ind1="0" ind2="4">
                    <marc:subfield code="a">380.954</marc:subfield>
                    <marc:subfield code="b">I41</marc:subfield>
                </marc:datafield>
                <marc:datafield tag="084" ind1=" " ind2=" ">
                    <marc:subfield code="a">655</marc:subfield>
                    <marc:subfield code="2">zdbs</marc:subfield>
                </marc:datafield>
                <marc:datafield tag="049" ind1=" " ind2=" ">
                    <marc:subfield code="a">PAUU</marc:subfield>
                </marc:datafield>
                <marc:datafield tag="222" ind1=" " ind2="0">
                    <marc:subfield code="a">Indian trade journal</marc:subfield>
                </marc:datafield>
                <marc:datafield tag="245" ind1="0" ind2="0">
                    <marc:subfield code="a">Indian trade journal.</marc:subfield>
                </marc:datafield>
                <marc:datafield tag="260" ind1=" " ind2=" ">
                    <marc:subfield code="a">Calcutta,</marc:subfield>
                    <marc:subfield code="b">Dept. of Commercial Intelligence and Statistics.</marc:subfield>
                </marc:datafield>
                <marc:datafield tag="300" ind1=" " ind2=" ">
                    <marc:subfield code="b">ill.</marc:subfield>
                    <marc:subfield code="c">27-28 cm.</marc:subfield>
                </marc:datafield>
                <marc:datafield tag="530" ind1=" " ind2=" ">
                    <marc:subfield code="a">Also issued online.</marc:subfield>
                </marc:datafield>
                <marc:datafield tag="550" ind1=" " ind2=" ">
                    <marc:subfield code="a">19 -Jan. 8, 1925, issued by the Commercial Intelligence Dept.; Jan. 15,
                        1925- by the Dept. of Commercial Intelligence and Statistics.
                    </marc:subfield>
                </marc:datafield>
                <marc:datafield tag="651" ind1=" " ind2="0">
                    <marc:subfield code="a">India</marc:subfield>
                    <marc:subfield code="x">Commerce.</marc:subfield>
                </marc:datafield>
                <marc:datafield tag="650" ind1=" " ind2="7">
                    <marc:subfield code="a">Außenwirtschaft</marc:subfield>
                    <marc:subfield code="2">stw</marc:subfield>
                </marc:datafield>
                <marc:datafield tag="650" ind1=" " ind2="7">
                    <marc:subfield code="a">Indien</marc:subfield>
                    <marc:subfield code="2">stw</marc:subfield>
                </marc:datafield>
                <marc:datafield tag="710" ind1="1" ind2=" ">
                    <marc:subfield code="a">India.</marc:subfield>
                    <marc:subfield code="b">Commercial Intelligence Dept.</marc:subfield>
                </marc:datafield>
                <marc:datafield tag="710" ind1="1" ind2=" ">
                    <marc:subfield code="a">India.</marc:subfield>
                    <marc:subfield code="b">Dept. of Commercial Intelligence and Statistics.</marc:subfield>
                </marc:datafield>
                <marc:datafield tag="776" ind1="0" ind2="8">
                    <marc:subfield code="i">Online version:</marc:subfield>
                    <marc:subfield code="t">Indian trade journal</marc:subfield>
                    <marc:subfield code="w">(OCoLC)563746048</marc:subfield>
                </marc:datafield>
                <marc:datafield tag="994" ind1=" " ind2=" ">
                    <marc:subfield code="a">C0</marc:subfield>
                    <marc:subfield code="b">PAU</marc:subfield>
                </marc:datafield>
            </marc:record>
        </marc>
        <holdings id="BIB_ID-587">
            <holding id="MFHD_ID-746">
                <mfhd_id>746</mfhd_id>
                <display_call_no>HF41 .I3</display_call_no>
                <normalized_call_no>HF 41 I 3</normalized_call_no>
                <hold_create_date>1997-06-12 00:00:00.0</hold_create_date>
                <last_hold_update>2014-07-31 10:35:54.0</last_hold_update>
                <call_no_type>0</call_no_type>
                <hold_location_code>vanp</hold_location_code>
                <location_name>A Van Pelt Library</location_name>
                <location_display_name>Van Pelt Library</location_display_name>
                <items id="MFHD_ID-746">
                    <item id="ITEM_ID-3735246">
                        <item_id>3735246</item_id>
                        <item_enum>v.395:no.5-8</item_enum>
                        <item_create_date>2007-01-29 15:15:52.0</item_create_date>
                        <num_holds>0</num_holds>
                        <temp_location>0</temp_location>
                        <perm_location>2</perm_location>
                        <perm_location_code>vanp</perm_location_code>
                        <perm_location_name>A Van Pelt Library</perm_location_name>
                        <itemStatuses id="ITEM_ID-3735246">
                            <itemStatus id="STATUS_ID-1">
                                <status_id>1</status_id>
                                <status>Not Charged</status>
                            </itemStatus>
                        </itemStatuses>
                    </item>
                    <item id="ITEM_ID-3735293">
                        <item_id>3735293</item_id>
                        <item_enum>v.396:no.5-9</item_enum>
                        <item_create_date>2007-01-29 15:39:15.0</item_create_date>
                        <num_holds>0</num_holds>
                        <temp_location>0</temp_location>
                        <perm_location>2</perm_location>
                        <perm_location_code>vanp</perm_location_code>
                        <perm_location_name>A Van Pelt Library</perm_location_name>
                        <itemStatuses id="ITEM_ID-3735293">
                            <itemStatus id="STATUS_ID-1">
                                <status_id>1</status_id>
                                <status>Not Charged</status>
                            </itemStatus>
                        </itemStatuses>
                    </item>
                    <item id="ITEM_ID-3735296">
                        <item_id>3735296</item_id>
                        <item_enum>v.396:no.10-13</item_enum>
                        <item_create_date>2007-01-29 15:41:19.0</item_create_date>
                        <num_holds>0</num_holds>
                        <temp_location>0</temp_location>
                        <perm_location>2</perm_location>
                        <perm_location_code>vanp</perm_location_code>
                        <perm_location_name>A Van Pelt Library</perm_location_name>
                        <itemStatuses id="ITEM_ID-3735296">
                            <itemStatus id="STATUS_ID-1">
                                <status_id>1</status_id>
                                <status>Not Charged</status>
                            </itemStatus>
                        </itemStatuses>
                    </item>
                </items>
            </holding>
        </holdings>
    </record>