
    <record id="BIB_ID-6003">
        <marc id="BIB_ID-6003">
            <marc:record xmlns:marc="http://www.loc.gov/MARC21/slim">
                <marc:leader>01427cas a2200313| 4500</marc:leader>
                <marc:controlfield tag="001">6003</marc:controlfield>
                <marc:controlfield tag="003">PU</marc:controlfield>
                <marc:controlfield tag="005">19971112135901.0</marc:controlfield>
                <marc:controlfield tag="008">860825c18589999enkar p 0uu1a0eng d</marc:controlfield>
                <marc:datafield tag="010" ind1=" " ind2=" ">
                    <marc:subfield code="a">06040166</marc:subfield>
                </marc:datafield>
                <marc:datafield tag="022" ind1=" " ind2=" ">
                    <marc:subfield code="a">0066-5894</marc:subfield>
                </marc:datafield>
                <marc:datafield tag="035" ind1=" " ind2=" ">
                    <marc:subfield code="a">(CStRLIN)PAUG86-S3796</marc:subfield>
                </marc:datafield>
                <marc:datafield tag="035" ind1=" " ind2=" ">
                    <marc:subfield code="a">(CaOTULAS)185096784</marc:subfield>
                </marc:datafield>
                <marc:datafield tag="035" ind1=" " ind2=" ">
                    <marc:subfield code="9">AAA6116</marc:subfield>
                </marc:datafield>
                <marc:datafield tag="040" ind1=" " ind2=" ">
                    <marc:subfield code="a">*MUL*</marc:subfield>
                    <marc:subfield code="c">*MUL*</marc:subfield>
                    <marc:subfield code="d">FGULS</marc:subfield>
                    <marc:subfield code="d">NIC</marc:subfield>
                    <marc:subfield code="d">CtY</marc:subfield>
                    <marc:subfield code="d">PU</marc:subfield>
                </marc:datafield>
                <marc:datafield tag="090" ind1=" " ind2=" ">
                    <marc:subfield code="a">DA670.K2</marc:subfield>
                    <marc:subfield code="b">A7</marc:subfield>
                    <marc:subfield code="n">#39</marc:subfield>
                    <marc:subfield code="f">S-Recon</marc:subfield>
                    <marc:subfield code="p">1</marc:subfield>
                    <marc:subfield code="i">09/14/87 CT</marc:subfield>
                    <marc:subfield code="h">09/18/86 CT</marc:subfield>
                    <marc:subfield code="h">08/25/86 CT</marc:subfield>
                </marc:datafield>
                <marc:datafield tag="245" ind1="0" ind2="0">
                    <marc:subfield code="a">Archaeologia cantiana.</marc:subfield>
                </marc:datafield>
                <marc:datafield tag="260" ind1="0" ind2="0">
                    <marc:subfield code="a">[London] :</marc:subfield>
                    <marc:subfield code="b">Kent Archaeological Society,</marc:subfield>
                    <marc:subfield code="c">1858-</marc:subfield>
                </marc:datafield>
                <marc:datafield tag="300" ind1=" " ind2=" ">
                    <marc:subfield code="a">v. ;</marc:subfield>
                    <marc:subfield code="c">23 cm.</marc:subfield>
                </marc:datafield>
                <marc:datafield tag="362" ind1="0" ind2=" ">
                    <marc:subfield code="a">Vol. 1 (1858)-</marc:subfield>
                </marc:datafield>
                <marc:datafield tag="500" ind1=" " ind2=" ">
                    <marc:subfield code="a">Vol. 1-60 "Being transactions of the Kent Archaeological Society"; v. 61-
                        "Being contributions to the History and Archaeology of Kent".
                    </marc:subfield>
                </marc:datafield>
                <marc:datafield tag="555" ind1=" " ind2=" ">
                    <marc:subfield code="a">General index: Vols. 1-18, 1857-1891. 1 v.; Vols. 19-45, 1892- 1933. 1 v.;
                        Vols. 46-64, 1934-1951. 1 v.; Vols. 65-86, 1952-68, in v. 90.; Archaeological matters index:
                        Vols. 1-83, 1858-1968. 1 v.; Vols. 89-109, 1974- 1991, in v. 113.
                    </marc:subfield>
                </marc:datafield>
                <marc:datafield tag="651" ind1=" " ind2="0">
                    <marc:subfield code="a">Kent (England)</marc:subfield>
                    <marc:subfield code="x">Antiquities</marc:subfield>
                    <marc:subfield code="x">Periodicals.</marc:subfield>
                </marc:datafield>
                <marc:datafield tag="710" ind1="2" ind2="0">
                    <marc:subfield code="a">Kent Archaeological Society.</marc:subfield>
                </marc:datafield>
                <marc:datafield tag="950" ind1=" " ind2=" ">
                    <marc:subfield code="l">VPL</marc:subfield>
                    <marc:subfield code="v">v.1-38, v.40-57, v.59-103</marc:subfield>
                    <marc:subfield code="z">Currently received</marc:subfield>
                    <marc:subfield code="i">09/14/87 C</marc:subfield>
                    <marc:subfield code="h">09/18/86 C</marc:subfield>
                    <marc:subfield code="h">08/25/86 N ?104:rme ?105:rsl</marc:subfield>
                </marc:datafield>
                <marc:datafield tag="955" ind1=" " ind2=" ">
                    <marc:subfield code="l">VPL</marc:subfield>
                    <marc:subfield code="c">1:v.101</marc:subfield>
                    <marc:subfield code="q">ser.Cont.</marc:subfield>
                    <marc:subfield code="s">SHELFLIST FOR EARLIER VOLS IN SERIALS DEPT.</marc:subfield>
                    <marc:subfield code="h">08/25/86 C</marc:subfield>
                </marc:datafield>
                <marc:datafield tag="955" ind1=" " ind2=" ">
                    <marc:subfield code="l">VPL</marc:subfield>
                    <marc:subfield code="c">1:v.102</marc:subfield>
                    <marc:subfield code="h">09/18/86 C</marc:subfield>
                </marc:datafield>
                <marc:datafield tag="955" ind1=" " ind2=" ">
                    <marc:subfield code="l">VPL</marc:subfield>
                    <marc:subfield code="c">1:v.103</marc:subfield>
                    <marc:subfield code="i">09/14/87 C</marc:subfield>
                </marc:datafield>
                <marc:datafield tag="948" ind1=" " ind2=" ">
                    <marc:subfield code="a">S-Recon</marc:subfield>
                </marc:datafield>
            </marc:record>
        </marc>
        <holdings id="BIB_ID-6003">
            <holding id="MFHD_ID-7645">
                <mfhd_id>7645</mfhd_id>
                <display_call_no>DA670.K2 A7</display_call_no>
                <normalized_call_no>DA 670 K 2 A 7</normalized_call_no>
                <hold_create_date>1997-06-12 00:00:00.0</hold_create_date>
                <last_hold_update>2014-07-30 13:26:10.0</last_hold_update>
                <call_no_type>0</call_no_type>
                <hold_location_code>vanp</hold_location_code>
                <location_name>A Van Pelt Library</location_name>
                <location_display_name>Van Pelt Library</location_display_name>
                <items id="MFHD_ID-7645">
                    <item id="ITEM_ID-2698568">
                        <item_id>2698568</item_id>
                        <item_enum>v.121</item_enum>
                        <item_create_date>2001-12-21 10:48:18.0</item_create_date>
                        <num_holds>0</num_holds>
                        <temp_location>0</temp_location>
                        <perm_location>2</perm_location>
                        <perm_location_code>vanp</perm_location_code>
                        <perm_location_name>A Van Pelt Library</perm_location_name>
                        <itemStatuses id="ITEM_ID-2698568">
                            <itemStatus id="STATUS_ID-1">
                                <status_id>1</status_id>
                                <status>Not Charged</status>
                            </itemStatus>
                        </itemStatuses>
                    </item>
                    <item id="ITEM_ID-2829509">
                        <item_id>2829509</item_id>
                        <item_enum>v.122</item_enum>
                        <item_create_date>2002-07-25 15:05:13.0</item_create_date>
                        <num_holds>0</num_holds>
                        <temp_location>0</temp_location>
                        <perm_location>2</perm_location>
                        <perm_location_code>vanp</perm_location_code>
                        <perm_location_name>A Van Pelt Library</perm_location_name>
                        <itemStatuses id="ITEM_ID-2829509">
                            <itemStatus id="STATUS_ID-1">
                                <status_id>1</status_id>
                                <status>Not Charged</status>
                            </itemStatus>
                        </itemStatuses>
                    </item>
                    <item id="ITEM_ID-3061085">
                        <item_id>3061085</item_id>
                        <item_enum>v.123</item_enum>
                        <item_create_date>2003-08-22 15:49:30.0</item_create_date>
                        <num_holds>0</num_holds>
                        <temp_location>0</temp_location>
                        <perm_location>2</perm_location>
                        <perm_location_code>vanp</perm_location_code>
                        <perm_location_name>A Van Pelt Library</perm_location_name>
                        <itemStatuses id="ITEM_ID-3061085">
                            <itemStatus id="STATUS_ID-1">
                                <status_id>1</status_id>
                                <status>Not Charged</status>
                            </itemStatus>
                        </itemStatuses>
                    </item>
                </items>
            </holding>
        </holdings>
    </record>
</integ:root>